@book{humphreys81,
	title = {Linear Algebraic Groups},
	author = {J. Humphreys},
	publisher = {Springer-Verlag},
	year = {1981}
}

@article{dipper89,
  title={The q-Schur Algebra},
  author={Dipper, R. and James, G.},
  journal={Proceedings of the London Mathematical Society},
  volume={3},
  number={1},
  pages={23--50},
  year={1989},
  publisher={Wiley Online Library}
}

@article{blm90,
  title={A geometric setting for the quantum deformation of GLn.},
  author={Beilinson, A. A. and Lusztig, G. and MacPherson, R. and others},
  journal={Duke Mathematical Journal},
  volume={61},
  number={2},
  pages={655--677},
  year={1990},
  publisher={Duke University Press}
}

@article{ringel90,
  title={Hall algebras},
  author={Ringel, C. M.},
  journal={Banach Center Publications},
  volume={26},
  number={1},
  pages={433--447},
  year={1990},
  publisher={Institute of Mathematics Polish Academy of Sciences}
}

@article{dipper91,
  title={q-tensor space and q-Weyl modules},
  author={Dipper, R. and James, G.},
  journal={Transactions of the American Mathematical Society},
  volume={327},
  number={1},
  pages={251--282},
  year={1991}
}

@incollection{lusztig92,
  title={Introduction to quantized enveloping algebras},
  author={Lusztig, G.},
  booktitle={New developments in Lie theory and their applications},
  pages={49--65},
  year={1992},
  publisher={Springer}
}

@article{ginzburg93,
  title={Langlands reciprocity for affine quantum groups of type A n},
  author={Ginzburg, V. and Vasserot, E.},
  journal={International Mathematics Research Notices},
  volume={1993},
  number={3},
  pages={67--85},
  year={1993},
  publisher={Hindawi Publishing Corporation}
}

@book{ringel93,
  title={The Hall algebra approach to quantum groups},
  author={Ringel, C. M.},
  year={1993},
  publisher={Sonderforschungsbereich 343}
}

@article{bongartz96,
  title={On degenerations and extensions of finite dimensional modules},
  author={Bongartz, K.},
  journal={Advances in Mathematics},
  volume={121},
  number={2},
  pages={245--287},
  year={1996},
  publisher={Elsevier}
}

@article{green96,
  title={q-Schur algebras as quotients of quantized enveloping algebras},
  author={Green, R. M.},
  journal={Journal of algebra},
  volume={185},
  number={3},
  pages={660--687},
  year={1996},
  publisher={Elsevier}
}

@article{lusztig99,
  title={Aperiodicity in quantum affine gln},
  author={Lusztig, George},
  journal={Asian Journal of Mathematics},
  volume={3},
  number={1},
  pages={147--178},
  year={1999},
  publisher={International Press of Boston}
}

@article{reineke01,
  title={Generic extensions and multiplicative bases of quantum groups at q = 0},
  author={Reineke, M.},
  journal={Represent. Theory},
  volume={5},
  pages={147--163},
  year={2001}
}

@article{doty02,
  title={Presenting Schur algebras},
  author={Doty, S. and Giaquinto, A.},
  journal={International Mathematics Research Notices},
  volume={2002},
  number={36},
  pages={1907--1944},
  year={2002},
  publisher={OUP}
}

@article{reineke02,
  title={The monoid of families of quiver representations},
  author={Reineke, M.},
  journal={Proceedings of the London Mathematical Society},
  volume={84},
  number={3},
  pages={663--685},
  year={2002},
  publisher={Cambridge University Press}
}

@article{reineke02-01,
  title={The quantic monoid and degenerate quantized enveloping algebras},
  author={Reineke, M.},
  journal={arXiv preprint math/0206095},
  year={2002}
}

@incollection{reineke03,
  title={Quivers, desingularizations and canonical bases},
  author={Reineke, M.},
  booktitle={Studies in memory of I. Schur},
  pages={325--344},
  year={2003},
  publisher={Springer}
}

@article{hubery04,
  title={The composition algebra of an affine quiver},
  author={Hubery, Andrew},
  journal={arXiv preprint math/0403206},
  year={2004}
}

@article{reineke04,
  title={The use of geometric and quantum group techniques for wild quivers},
  author={Reineke, M.},
  journal={Representations of finite dimensional algebras and related topics in Lie theory and geometry},
  volume={40},
  pages={365--390},
  year={2004}
}

@article{doty07,
  title={Presenting affine q-Schur algebras},
  author={Doty, S. R. and Green, R. M.},
  journal={Mathematische Zeitschrift},
  volume={256},
  number={2},
  pages={311--345},
  year={2007},
  publisher={Springer}
}

@misc{hubery07,
	author = {Andrew Hubery},
	title = {Hall polynomials for affine quivers},
	year = {2007},
	eprint = {arXiv:math/0703178}
}

@book{deng08,
  title={Finite dimensional algebras and quantum groups},
  author={Deng, B. and Du, J. and Parshall, B.},
  number={150},
  year={2008},
  publisher={American Mathematical Soc.}
}

@article{chen09,
  title={Introduction to coherent sheaves on weighted projective lines},
  author={Chen, X. and Krause, H.},
  journal={arXiv preprint arXiv:0911.4473},
  year={2009}
}

@misc{dou10,
	author = {Dou, R and Yong Jiang and Jie Xiao},
	title = {Hall algebra approach to Drinfeld's presentation of quantum loop algebras},
	year = {2010},
	eprint = {arXiv:1002.1316}
}

@article{su10,
  title={A generic multiplication in quantized Schur algebras},
  author={Su, X.},
  journal={Quarterly journal of mathematics},
  volume={61},
  number={4},
  pages={497--510},
  year={2010},
  publisher={OUP}
}

@book{deng12,
  title={A double Hall algebra approach to affine quantum Schur--Weyl theory},
  author={Deng, B. and Du, J. and Fu, Q.},
  volume={401},
  year={2012},
  publisher={Cambridge University Press}
}

@article{dengyang12,
	title={On 0-Schur algebras},
	author={Deng, B. and Yang, G.},
	journal={Journal of Pure and Applied Algebra},
	volume={216},
	number={6},
	pages={1253--1267},
	year={2012},
	publisher={North-Holland}
}

@misc{su12,
	author = {Bernt Tore Jensen and Xiuping Su},
	title = {A geometric realisation of 0-Schur and 0-Hecke algebras},
	year = {2012},
	eprint = {arXiv:1207.6769}
}

@article{bridgeland13,
  title={Quantum groups via Hall algebras of complexes},
  author={Bridgeland, T.},
  journal={Annals of Mathematics},
  pages={739--759},
  year={2013},
  publisher={JSTOR}
}

@article{deng13,
  title={Generic extensions and composition monoids of cyclic quivers},
  author={Deng, B. and Du, J. and Mah, A.},
  journal={Contem. Math},
  volume={602},
  pages={99--114},
  year={2013}
}

@article{geng13,
  title={An embedding from the Ringel-Hall algebra to the Bridgeland's Ringel-Hall algebra associated to an algebra with global dimension at most two},
  author={Geng, S. and Peng, L.},
  journal={arXiv preprint arXiv:1309.0998},
  year={2013}
}

@misc{su13,
	author = {Bernt Tore Jensen and Xiuping Su and Guiyu Yang},
	title = {Projective modules of 0-Schur algebras},
	year = {2013},
	eprint = {arXiv:1312.5487}
}

@misc{deng15,
	author = {Deng. B and Du, J.},
	title = {Hall algebras of cyclic quivers and q-deformed Fock spaces},
	year = {2015},
	eprint = {arXiv:1507.03064}
}

@misc{deng15-01,
Author = {Bangming Deng and Shiquan Ruan},
Title = {Hall polynomials for tame type},
Year = {2015},
Eprint = {arXiv:1512.03504}
}

@article{su15,
  title={A geometric realisation of 0-Schur and 0-Hecke algebras},
  author={Jensen, B. T. and Su, X.},
  journal={Journal of Pure and Applied Algebra},
  volume={219},
  number={2},
  pages={277--307},
  year={2015},
  publisher={Elsevier}
}

@article{crawleyboevey17,
  title={On quiver Grassmannians and orbit closures for representation-finite algebras},
  author={Crawley-Boevey, W. and Sauter, J.},
  journal={Mathematische Zeitschrift},
  volume={285},
  number={1-2},
  pages={367--395},
  year={2017},
  publisher={Springer}
}

@article{su17,
  title={Degenerate 0-Schur algebras and Nil-Temperley-Lieb algebras},
  author={Jensen, B. T. and Su, X. and Yang, G.},
  journal={arXiv preprint arXiv:1705.06084},
  year={2017}
}
